@misc{CinUFPE,
    title={Sistemas Inteligentes},
    author={CIn UFPE},
    publisher={UFPE},
    link={https://www.cin.ufpe.br/~graduacao/reforma/p_sistemas_inteligentes.html}
}

@misc{Sistemas-Inteligentes–if684,
    title={Introdução a Sistemas Inteligentes},
    author={Patricia Tedesco},
    publisher={CIn UFPE},
    link={https://www.cin.ufpe.br/~if684/EC/aulas/Aula-introducaoSI-Parte2.pdf}
}

@misc{Introdução-aos-Sistemas-Inteligentes,
    title={Introdução a Sistemas Inteligentes},
    author={Adolfo Bauchspiess },
    publisher={UNB},
    year={2008},
    link={http://www.ene.unb.br/adolfo/Lectures/IC/isi.pdf}
}

@misc{IMAGE1,
    author = {Markus Winkler},
    link = {https://unsplash.com/photos/tGBXiHcPKrM},
    year = {2020},
    publisher = {Unsplash}
}

@misc{IMAGE2,
    author = {GuerrillaBuzz Crypto PR},
    link = {https://unsplash.com/photos/T9rKvI3N0NM},
    year = {2021},
    publisher = {Unsplash}
}
